@article{alphafold_nature,
  author = {Jumper, John and Evans, Richard and Pritzel, Alexander and others},
  title = {Highly accurate protein structure prediction with AlphaFold},
  journal = {Nature},
  year = {2021},
  volume = {596},
  pages = {583--589}
}
@article{alphafold2,
  author = {Kathryn Tunyasuvunakool and Jonas Adler and Zachary Wu and others},
  title = {Highly accurate protein structure prediction for the human proteome},
  journal = {Nature},
  year = {2021},
  volume = {596},
  pages = {590--596}
}
@article{alphafold3,
  author = {Josh Abramson and Jonas Adler and Jack Dunger and others},
  title = {Accurate structure prediction of biomolecular interactions with AlphaFold 3},
  journal = {Nature},
  year = {2024},
  volume = {630},
  pages = {493--500}
}
@article{alphafold4,
  author = {Mihaly Varadi and Stephen Anyango and Mandar Deshpande and others},
  title = {AlphaFold Protein Structure Database: massively expanding the structural coverage of protein-sequence space with high-accuracy models},
  journal = {Nucleic Acids Research},
  year = {2022},
  volume = {50},
  pages = {D439--D444}
}
@misc{alphafold_db,
  author = {DeepMind},
  title = {Alphafold protein structure database},
  year = {2021},
  url = {https://alphafold.ebi.ac.uk}
}
@misc{alphafold_embl,
  author = {EMBL},
  title = {Alphafold: Using open data and AI to discover the 3D protein universe},
  year = {2023},
  url = {https://www.embl.org/news/science/alphafold-using-open-data-and-ai-to-discover-the-3d-protein-universe}
}
@article{cao2019,
  author = {Yudong Cao and Jonathan Romero and Peter Johnson and others},
  title = {Quantum chemistry in the age of quantum computing},
  journal = {Chemical Reviews},
  year = {2019},
  volume = {119},
  pages = {10856--10915}
}
@article{babbush2022,
  author = {Ryan Babbush and others},
  title = {Quantum resource estimates for quantum chemistry on fault-tolerant quantum computers},
  journal = {Nature Communications},
  year = {2022},
  volume = {13},
  pages = {6221}
}
@article{bravyi2002,
  author = {Sergey B. Bravyi and Alexei Yu. Kitaev},
  title = {Fermionic quantum computation},
  journal = {Annals of Physics},
  year = {2002},
  volume = {298},
  pages = {210--226}
}
@article{kais2024,
  author = {Sabre Kais and others},
  title = {Quantum computing and enzyme catalysis},
  journal = {J. Phys. Chem. Lett.},
  year = {2024}
}
@article{mcardle2020,
  author = {Sam McArdle and Suguru Endo and Alan Aspuru-Guzik and others},
  title = {Quantum computational chemistry},
  journal = {Reviews of Modern Physics},
  year = {2020},
  volume = {92},
  pages = {015003}
}
@misc{processflow,
  author = {PennyLane AI},
  title = {Process Flow Diagram: Calculating Quantum Simulation Requirements},
  year = {2023},
  howpublished = {\url{https://www.youtube.com/watch?v=Ew9yxf5VDNU}}
}
@misc{mapping1,
  author = {PennyLane AI},
  title = {Quantum Chemistry with PennyLane},
  year = {2023},
  howpublished = {\url{https://pennylane.ai/qml/demos/tutorial_quantum_chemistry.html}}
}
@misc{websearch,
  author = {Quantum AI Group},
  title = {Quantum simulation: gates, qubits, and runtime estimates},
  year = {2023},
  howpublished = {\url{https://arxiv.org/html/2303.09911v4}}
}
@misc{chyaubio,
  author = {Chyau Bio Technologies Pvt. Ltd.},
  title = {Industry experience: Algae bioreactor development and deployment in Nepal (2020–2023)},
  year = {2023},
  note = {Unpublished technical report}
}
@misc{bigalgae2018,
  author = {Bombelli, Paolo and Parker, Brenda and Lawrence, James and Jones, Marc},
  title = {The Big Algal Open Experiment},
  year = {2018},
  howpublished = {\url{https://www.biomaker.org/projects/the-big-algal-open-experiment}}
}
@article{yahaya2025,
  author = {E. Yahaya and others},
  title = {Optimization of microalgae cultivation and CO2 capture in photobioreactors using PI control},
  journal = {Biochemical Engineering Journal},
  year = {2025},
  volume = {208},
  pages = {108069}
}
@article{kumar2021,
  author = {Narendra Kumar and Shivandappa and Rohan J Reddy and Ranjan A R and Prasad C Goudar},
  title = {Algae Bioreactor for CO2 Capture: An Integrated Approach for Carbon Sequestration},
  journal = {International Journal of Innovative Research in Technology},
  year = {2021},
  volume = {8},
  number = {2},
  pages = {1689--1695},
  url = {https://ijirt.org/publishedpaper/IJIRT171834_PAPER.pdf}
}
@article{shareefdeen2023,
  author = {Z. Shareefdeen and others},
  title = {Recent Developments on the Performance of Algal Bioreactors Used for CO2 Removal},
  journal = {Biomolecules},
  year = {2023},
  volume = {13},
  pages = {56},
  url = {https://www.ncbi.nlm.nih.gov/pmc/articles/PMC9844339/}
}
@misc{algae2energy_manual,
  author = {BTI Science},
  title = {Algae to Energy Systems Lab Experiments in Growth, CO2 Utilization, and O2 Production in a Classroom Setting},
  year = {2015},
  howpublished = {\url{https://btiscience.org/wp-content/uploads/2015/12/b.-Algae-to-Energy-Teacher-Manual-2015.pdf}}
}
@misc{instructables_bioreactor,
  author = {Michael Fischer},
  title = {An Algae Bioreactor From Recycled Water Bottles},
  year = {2017},
  howpublished = {\url{https://www.instructables.com/An-Algae-Bioreactor-from-Recycled-Water-Bottles/}}
}
@article{frungieri2022,
  author = {Graziano Frungieri and Michele Carone and Vincenzo Riggio and Antonio Buffo and Marco Vanni and Mariachiara Zanetti},
  title = {Numerical Modelling of a Lab-scale Reactor for Microalgae Growth},
  journal = {Chemical Engineering Transactions},
  volume = {92},
  pages = {127-132},
  year = {2022},
  doi = {10.3303/CET2292022}
}

@article{darvehei2018,
  author = {P. Darvehei and others},
  title = {Model development for the growth of microalgae: A review},
  journal = {Renewable and Sustainable Energy Reviews},
  year = {2018},
  volume = {90},
  pages = {791-803}
}

@article{gonzalezHernandez2024,
  author = {González-Hernández, R. and others},
  title = {A graphical simulation tool to estimate microalgae productivity and forecast biomass production worldwide},
  journal = {Algal Research},
  year = {2024},
  volume = {78},
  pages = {102046}
}

@article{ojaniemi2025,
  author = {Ojaniemi, M. and others},
  title = {CFD modeling of CO$_2$ fixation by microalgae cultivated in a photobioreactor},
  journal = {Bioresource Technology},
  year = {2025},
  volume = {131715}
}

@article{riihiaho2025,
  author = {Riihiaho, J. and others},
  title = {Photobioreactor design utilizing procedural three-dimensional virtual modeling and hyperspectral simulation for microalgae cultivation},
  journal = {Biotechnology Reports},
  year = {2025},
  volume = {31},
  pages = {e00632}
}

@article{isiramen2022,
  author = {Isiramen, G. and others},
  title = {Improving pH control and carbon dioxide utilisation in photobioreactor systems through advanced PI + dead-zone control strategies},
  journal = {Algal Research},
  year = {2022},
  volume = {62},
  pages = {102572}
}

@article{song2021,
  author = {Song, X. and others},
  title = {Performance intensification of CO$_2$ absorption and bio-conversion by mutation-bred microalgae in a hybrid system},
  journal = {Journal of Environmental Chemical Engineering},
  year = {2021},
  volume = {9},
  pages = {106445}
}

@article{gupta2024,
  author = {Gupta, S. and others},
  title = {A review on machine learning approaches for microalgae bioreactor optimization and control},
  journal = {Computers in Biology and Medicine},
  year = {2024},
  volume = {163},
  pages = {107696}
}

@article{liu2024,
  author = {Liu, Y. and others},
  title = {Microalgae biomass: A multi-product biorefinery solution for CO$_2$ sequestration and sustainable processing},
  journal = {Bioresource Technology},
  year = {2024},
  volume = {399},
  pages = {129658}
}

@article{long2022,
  author = {Long, Bin and Wei, Jia and Wang, Yang and Zhang, Yabai and Shi, Peng and others},
  title = {Machine learning-informed and synthetic biology-enabled semi-continuous algal cultivation to unleash renewable fuel productivity},
  journal = {Nature Communications},
  year = {2022},
  volume = {13},
  pages = {576},
  doi = {10.1038/s41467-021-27665-y},
  url = {https://www.nature.com/articles/s41467-021-27665-y}
}
@phdthesis{upc2023,
  author = {Martinez, S.},
  title = {Numerical Modelling and Light Simulation of Lab-scale Photobioreactors for Microalgae Growth},
  school = {Universitat Politècnica de Catalunya},
  year = {2023},
  url = {https://upcommons.upc.edu/server/api/core/bitstreams/36523b63-3dc8-4858-ab2c-7654fddb0850/content}
}

@article{alphafold_nature,
  title={Highly accurate protein structure prediction with AlphaFold},
  author={Jumper, John et al.},
  journal={Nature},
  volume={596},
  pages={583–589},
  year={2021}
}
@misc{alphafold_db,
  title={AlphaFold Protein Structure Database},
  author={DeepMind/EMBL-EBI},
  note={https://alphafold.ebi.ac.uk},
  year={2021}
}
@article{frungieri2022,
  title={Modeling closed photobioreactors for microalgae cultivation: Hydrodynamics and biochemical kinetics integration},
  author={Frungieri, G. et al.},
  journal={Bioengineering},
  volume={9},
  number={11},
  year={2022}
}
@article{darvehei2018,
  title={Model development for the growth of microalgae: A review},
  author={Darvehei, P. et al.},
  journal={Renewable and Sustainable Energy Reviews},
  volume={90},
  pages={791–803},
  year={2018}
}
@misc{bigalgae2018,
  title={The Big Algal Open Experiment},
  author={Bombelli, Paolo et al.},
  note={https://www.biomaker.org/projects/the-big-algal-open-experiment},
  year={2018}
}
@article{long2022,
  title={AI-driven forecasting for algal biomass productivity},
  author={Long, T. et al.},
  journal={Algal Research},
  volume={50},
  pages={102143},
  year={2022}
}

